<record><leader>00000cas a22000007a 4500</leader><controlfield tag="001">13073545</controlfield><controlfield tag="008">860128d18881897cauwr ne      0   a0eng d</controlfield><datafield ind1=" " ind2=" " tag="010"><subfield code="a">sn 93051012 </subfield></datafield><datafield ind1=" " ind2=" " tag="040"><subfield code="a">CUZ</subfield><subfield code="b">eng</subfield><subfield code="c">CUZ</subfield><subfield code="d">CNK</subfield><subfield code="d">OCLCQ</subfield><subfield code="d">ZAP</subfield><subfield code="d">OCLCQ</subfield><subfield code="d">OCLCO</subfield><subfield code="d">OCLCF</subfield></datafield><datafield ind1="1" ind2=" " tag="029"><subfield code="a">AU@</subfield><subfield code="b">000025891449</subfield></datafield><datafield ind1=" " ind2=" " tag="042"><subfield code="a">msc</subfield></datafield><datafield ind1=" " ind2=" " tag="043"><subfield code="a">n-us-ca</subfield></datafield><datafield ind1="0" ind2=" " tag="130"><subfield code="a">Rustler (Watsonville, Calif.)</subfield></datafield><datafield ind1="1" ind2="4" tag="245"><subfield code="a">The rustler.</subfield></datafield><datafield ind1=" " ind2=" " tag="260"><subfield code="a">Watsonville, Santa Cruz County, Cal. :</subfield><subfield code="b">Hetherington &amp; Fontecilla</subfield></datafield><datafield ind1=" " ind2=" " tag="300"><subfield code="a">v.</subfield></datafield><datafield ind1=" " ind2=" " tag="310"><subfield code="a">Weekly,</subfield><subfield code="b">&lt;July 10, 1891&gt;-June 25, 1897</subfield></datafield><datafield ind1=" " ind2=" " tag="321"><subfield code="a">Weekly,</subfield><subfield code="b">Dec. 8, 1888-Oct. 11, 1890</subfield></datafield><datafield ind1=" " ind2=" " tag="321"><subfield code="a">Semiweekly,</subfield><subfield code="b">Oct 14, 1890-&lt;Dec. 30, 1890&gt;</subfield></datafield><datafield ind1="0" ind2=" " tag="362"><subfield code="a">Vol. 1, no. 1 (Dec. 8, 1888)-v. 9, no. 28 (June 25, 1897).</subfield></datafield><datafield ind1=" " ind2="0" tag="651"><subfield code="a">Santa Cruz County (Calif.)</subfield><subfield code="v">Newspapers.</subfield></datafield><datafield ind1=" " ind2="0" tag="651"><subfield code="a">Monterey County (Calif.)</subfield><subfield code="v">Newspapers.</subfield></datafield><datafield ind1=" " ind2="7" tag="655"><subfield code="a">Newspapers.</subfield><subfield code="2">fast</subfield><subfield code="0">(OCoLC)fst01423814</subfield></datafield><datafield ind1=" " ind2="7" tag="651"><subfield code="a">California</subfield><subfield code="z">Monterey County.</subfield><subfield code="2">fast</subfield><subfield code="0">(OCoLC)fst01208098</subfield></datafield><datafield ind1=" " ind2="7" tag="651"><subfield code="a">California</subfield><subfield code="z">Santa Cruz County.</subfield><subfield code="2">fast</subfield><subfield code="0">(OCoLC)fst01210722</subfield></datafield><datafield ind1=" " ind2=" " tag="752"><subfield code="a">United States</subfield><subfield code="b">California</subfield><subfield code="c">Santa Cunz</subfield><subfield code="d">Watsonville.</subfield></datafield></record>